@misc{pacmanDoc,
  key = {pacmanDoc},
  title = {Un dossier complet sur le fonctionnement du jeu Pacman original},
  note = {\url{http://gameinternals.com/post/2072558330/understanding-pac-man-ghost-behavior}}
}
@misc{mazeDoc,
  key = {mazeGen},
  title = {Depth-First Search},
  note = {\url{http://en.wikipedia.org/wiki/Maze_generation_algorithm}}
}
@misc{wallCollisionDoc,
  key = {wallCollision},
  title = {Intersections entre un cercle et un segment},
  note = {\url{http://doswa.com/2009/07/13/circle-segment-intersectioncollision.html}}
}
